@phdthesis{
 Coulom-2002a,
 author = "R\'emi Coulom",
 title = "Reinforcement Learning Using Neural Networks, with Applications
          to Motor Control",
 school = "Institut National Polytechnique de Grenoble",
 year = 2002
}
